<record xmlns="http://www.loc.gov/MARC21/slim" xmlns:xsi="http://www.w3.org/2001/XMLSchema-instance" xsi:schemaLocation="http://www.loc.gov/MARC21/slim http://www.loc.gov/standards/marcxml/schema/MARC21slim.xsd"><leader>01029cz   2200277n  4500</leader><controlfield tag="001">oca00222808 </controlfield><controlfield tag="005">20011122071756.0</controlfield><controlfield tag="008">781129n| acannaabn          |a aaa      </controlfield><datafield ind1=" " ind2=" " tag="010"><subfield code="a">n  78087625 </subfield></datafield><datafield ind1=" " ind2=" " tag="040"><subfield code="a">DLC</subfield><subfield code="b">eng</subfield><subfield code="c">DLC</subfield><subfield code="d">MH</subfield><subfield code="d">DLC</subfield><subfield code="d">ICU</subfield><subfield code="d">DLC</subfield><subfield code="d">OCoLC</subfield></datafield><datafield ind1=" " ind2="0" tag="053"><subfield code="a">PA6787-PA6789</subfield></datafield><datafield ind1="0" ind2=" " tag="100"><subfield code="a">Tibullus</subfield></datafield><datafield ind1="1" ind2=" " tag="400"><subfield code="a">Tibullus, Albius</subfield><subfield code="w">nna</subfield></datafield><datafield ind1="0" ind2=" " tag="400"><subfield code="a">Tibulle</subfield></datafield><datafield ind1="0" ind2=" " tag="400"><subfield code="a">Tibuliano</subfield></datafield><datafield ind1="0" ind2=" " tag="400"><subfield code="a">Tibulo</subfield></datafield><datafield ind1="1" ind2=" " tag="400"><subfield code="a">Tibulo, Albio</subfield></datafield><datafield ind1="1" ind2=" " tag="400"><subfield code="a">Tibull, AlÊ¹biÌ&#x84;iÌ&#x86;</subfield></datafield><datafield ind1="1" ind2=" " tag="400"><subfield code="a">Tibullo, Albio</subfield></datafield><datafield ind1="1" ind2=" " tag="400"><subfield code="a">Tivoullos, Alvios</subfield></datafield><datafield ind1=" " ind2=" " tag="670"><subfield code="a">His Tibulle et les autres ... 1981.</subfield></datafield><datafield ind1=" " ind2=" " tag="670"><subfield code="a">Simposio Tibuliano (1983 : Universidad de Murcia. SeccioÌ&#x81;n de FilologiÌ&#x81;a ClaÌ&#x81;sica). Simposio Tibuliano, 1985?:</subfield><subfield code="b">t.p. (Tibuliano)</subfield></datafield><datafield ind1=" " ind2=" " tag="670"><subfield code="a">BricenÌ&#x83;o JaÌ&#x81;uregui, M. Tres bimilenarios claÌ&#x81;sicos, 1986:</subfield><subfield code="b">t.p. (Tibulo) p. 13 (Albio Tibulo; b. ca. 55 B.C., d. 19 B.C.)</subfield></datafield><datafield ind1=" " ind2=" " tag="670"><subfield code="a">His "U poroga miloiÌ&#x86;," 1899:</subfield><subfield code="b">t.p. (AlÊ¹biÌ&#x84;iÌ&#x86; Tibull)</subfield></datafield><datafield ind1=" " ind2=" " tag="670"><subfield code="a">His Elegie, c1989:</subfield><subfield code="b">t.p. (Albio Tibullo)</subfield></datafield><datafield ind1=" " ind2=" " tag="670"><subfield code="a">Alvios Tivoullos ... 1989.</subfield></datafield></record>